<?xml version="1.0" encoding="UTF-8"?>
<record xmlns="http://www.loc.gov/MARC21/slim">
   <leader>02518cam a2200361 a 4500</leader>
   <controlfield tag="001">4142118</controlfield>
   <controlfield tag="003">NjP</controlfield>
   <controlfield tag="005">20190705144907.0</controlfield>
   <controlfield tag="008">941213s1909    ua      r     000 0 ara d</controlfield>
   <datafield tag="024" ind1="7" ind2=" ">
      <subfield code="a">princeton_aco003852</subfield>
      <subfield code="2">local</subfield>
   </datafield>
   <datafield ind1=" " ind2=" " tag="040">
      <subfield code="a">NjP</subfield>
      <subfield code="c">PUL</subfield>
      <subfield code="d">PUL</subfield>
   </datafield>
   <datafield ind1=" " ind2=" " tag="035">
      <subfield code="a">(NjP)4142118</subfield>
   </datafield>
   <datafield ind1=" " ind2=" " tag="049">
      <subfield code="a">PULL</subfield>
   </datafield>
   <datafield ind1=" " ind2=" " tag="035">
      <subfield code="a">(OCoLC)ocm31731538</subfield>
   </datafield>
   <datafield ind1="0" ind2=" " tag="100">
      <subfield code="6">880-01</subfield>
      <subfield code="a">Ghazzālī,</subfield>
      <subfield code="d">1058-1111.</subfield>
      <subfield code="0">http://id.loc.gov/authorities/names/n82097778</subfield>
   </datafield>
   <datafield ind1="1" ind2="0" tag="240">
      <subfield code="6">880-02</subfield>
      <subfield code="a">Iqtiṣād fī al-iʻtiqād</subfield>
   </datafield>
   <datafield ind1="1" ind2="0" tag="245">
      <subfield code="6">880-03</subfield>
      <subfield code="a">Kitāb al-Iqtiṣād fī al-iʻtiqād /</subfield>
      <subfield code="c">taʼlīf Abī Hāmid ibn Muḥammad al-Ghazzālī al-Ṭūsī.</subfield>
   </datafield>
   <datafield ind1="3" ind2="0" tag="246">
      <subfield code="6">880-04</subfield>
      <subfield code="a">Iqtiṣād fī al-iʻtiqād</subfield>
   </datafield>
   <datafield ind1=" " ind2=" " tag="250">
      <subfield code="6">880-05</subfield>
      <subfield code="a">al-Ṭabʻah 2.</subfield>
   </datafield>
   <datafield ind1=" " ind2=" " tag="260">
      <subfield code="6">880-06</subfield>
      <subfield code="a">Miṣr :</subfield>
      <subfield code="b">Maṭbaʻat al-Saʻādah,</subfield>
      <subfield code="c">1327 [1909].</subfield>
   </datafield>
   <datafield ind1=" " ind2=" " tag="300">
      <subfield code="a">104 ;</subfield>
      <subfield code="c">24 cm.</subfield>
   </datafield>
   <datafield ind1=" " ind2=" " tag="500">
      <subfield code="6">880-07</subfield>
      <subfield code="a">With: Kitāb Ḥadāʼiq al-fuṣūl wa-jawāhir al-ʻuqūl fī ʻIlm al-kalām ʻalá uṣūl Abī al-Ḥasan al-Ashʻarī raḥamahu Allāh taʻālá / taṣnīf Muḥammad ibn Hibah al-Makkī ; naẓẓamahā Ṣalāḥ al-Dīn al-Ayyūbī. [Cairo : Maṭbaʻat al-Saʻādah, 1909]. Bound together subsequent to publication.</subfield>
      <subfield code="5">NjP</subfield>
   </datafield>
   <datafield ind1=" " ind2=" " tag="500">
      <subfield code="a">With: Kitāb Ḥadāʾiq al-fuṣūl wa-jawāhir al-ʻuqūl fī ʻIlm al-kalām ʻalá uṣūl Abī al-Ḥasan al-Ashʻarī raḥamahu Allāh taʻālá / taṣnīf Muḥammad ibn Hibah al-Makkī ; naẓẓamahā Ṣalāḥ al-Dīn al-Ayyūbī. [Cairo : Maṭbaʻat al-Saʻādah, 1909]. Bound together subsequent to publication.</subfield>
      <subfield code="5">NjP</subfield>
   </datafield>
   <datafield ind1=" " ind2=" " tag="533">
      <subfield code="a">Photocopy.</subfield>
   </datafield>
   <datafield ind1=" " ind2="0" tag="650">
      <subfield code="a">Islam</subfield>
      <subfield code="x">Doctrines</subfield>
      <subfield code="v">Early works to 1800.</subfield>
      <subfield code="0">http://id.loc.gov/authorities/subjects/sh87000152</subfield>
   </datafield>
   <datafield ind1="0" ind2=" " tag="880">
      <subfield code="6">100-01/r</subfield>
      <subfield code="a">غزالي،</subfield>
      <subfield code="d">1058-1111.</subfield>
   </datafield>
   <datafield ind1="1" ind2="0" tag="880">
      <subfield code="6">240-02/r</subfield>
      <subfield code="a">اقتصاد في الاعتقاد</subfield>
   </datafield>
   <datafield ind1="1" ind2="0" tag="880">
      <subfield code="6">245-03/r</subfield>
      <subfield code="a">كتاب الاقتصاد في الاعتقاد /</subfield>
      <subfield code="c">تأليف ابي هامد بن محمد الغزالي الطوسي.</subfield>
   </datafield>
   <datafield ind1="3" ind2="0" tag="880">
      <subfield code="6">246-04/r</subfield>
      <subfield code="a">اقتصاد في الاعتقاد</subfield>
   </datafield>
   <datafield ind1=" " ind2=" " tag="880">
      <subfield code="6">250-05/r</subfield>
      <subfield code="a">الطبعة 2.</subfield>
   </datafield>
   <datafield ind1=" " ind2=" " tag="880">
      <subfield code="6">260-06/r</subfield>
      <subfield code="a">مصر :</subfield>
      <subfield code="b">مطبعة السعادة،</subfield>
      <subfield code="c">1327 [1909].</subfield>
   </datafield>
   <datafield ind1=" " ind2=" " tag="880">
      <subfield code="6">500-07/r</subfield>
      <subfield code="a">With: كتاب حدائق الفصول وجواهر العقول في علم الكلام على اصول ابي الحسن الاشعري رحمه الله تعالى / تصنيف محمد بن هبة المكي ؛ نظمها صلاح الدين الايوبي.Cairo : Maṭbaʻat al-Saʻādah, 1909]. Bound together subsequent to publication.</subfield>
      <subfield code="5">NjP</subfield>
   </datafield>
   <datafield ind1=" " ind2=" " tag="994">
      <subfield code="a">C0</subfield>
      <subfield code="b">PUL</subfield>
   </datafield>
   <datafield ind1=" " ind2=" " tag="999">
      <subfield code="a">4142118</subfield>
   </datafield>
   <datafield ind1=" " ind2=" " tag="979">
      <subfield code="a">(OCoLC)ocn179657498</subfield>
   </datafield>
   <datafield ind1="0" ind2=" " tag="852">
      <subfield code="0">4415763</subfield>
      <subfield code="b">rcppa</subfield>
      <subfield code="h">BP166</subfield>
      <subfield code="i">.G439 1909</subfield>
      <subfield code="x">tr fr nec</subfield>
   </datafield>
   <datafield ind1=" " ind2=" " tag="959">
      <subfield code="a">2004-03-29 14:58:26 -0400</subfield>
   </datafield>
</record>
